% Электронный ресурс
@book{$label,
  title = {$label [{Э}лектронный ресурс]},
  note  = {URL:~\url{//$url} (Дата обращения $date). Загл. с экрана Яз. $lang.}
}

% Статья, книга
@book{$label,
  author    = {$author},
  title     = {$title},
  publisher = {$publisher},
  address   = {$address},
  year      = {$year},
  language  = {$lang},
  pages     = {$pages, optional}
}
